wikipedia
@misc{MISC:WikiRoot,
    author = "{Wikipedia contributors}",
    title = "Principal root of unity --- {Wikipedia}{,} The Free Encyclopedia",
    year = "2024",
    howpublished = "\url{https://en.wikipedia.org/w/index.php?title=Principal_root_of_unity&oldid=1223603190}",
    note = "[Online; accessed 29-April-2025]"
  }

@misc{MISC:WikiGalRing,
    author = "{Wikipedia contributors}",
    title = "Galois ring --- {Wikipedia}{,} The Free Encyclopedia",
    year = "2023",
    howpublished = "\url{https://en.wikipedia.org/w/index.php?title=Galois_ring&oldid=1181997128}",
    note = "[Online; accessed 29-April-2025]"
  }

@misc{MISC:WikiHensel,
    author = "{Wikipedia contributors}",
    title = "Hensel's lemma --- {Wikipedia}{,} The Free Encyclopedia",
    year = "2025",
    howpublished = "\url{https://en.wikipedia.org/w/index.php?title=Hensel%27s_lemma&oldid=1275481796}",
    note = "[Online; accessed 29-April-2025]"
  }

@misc{MISC:WikiNewton,
    author = "{Wikipedia contributors}",
    title = "Division algorithm --- {Wikipedia}{,} The Free Encyclopedia",
    year = "2025",
    howpublished = "\url{https://en.wikipedia.org/w/index.php?title=Division_algorithm&oldid=1283459286}",
    note = "[Online; accessed 29-April-2025]"
  }

@misc{MISC:WikiResultant,
    author = "{Wikipedia contributors}",
    title = "Resultant --- {Wikipedia}{,} The Free Encyclopedia",
    year = "2025",
    howpublished = "\url{https://en.wikipedia.org/w/index.php?title=Resultant&oldid=1280437221}",
    note = "[Online; accessed 30-April-2025]"
  }

crypto
@inproceedings{IEEE:Kyber18,
  author    = {Bos, Joppe W. and Ducas, Léo and Kiltz, Eike and Lepoint, Tancrède and Lyubashevsky, Vadim and Schanck, John M. and Schwabe, Peter and Seiler, Gregor and Stehlé, Damien},
  title     = {CRYSTALS - Kyber: A CCA-Secure Module-Lattice-Based KEM},
  booktitle = {Proceedings of the 2018 IEEE European Symposium on Security and Privacy (EuroS\&P)},
  pages     = {353--367},
  year      = {2018},
  publisher = {IEEE},
  doi       = {10.1109/EuroSP.2018.00032},
  url       = {https://doi.org/10.1109/EuroSP.2018.00032}
}

@inproceedings{ASIACRYPT:Falcon18,
  author    = {Fouque, Pierre-Alain and Hoffstein, Jeffrey and Kirchner, Paul and Lyubashevsky, Vadim and Pornin, Thomas and Prest, Thomas and Ricosset, Thomas and Seiler, Gregor and Whyte, William and Zhang, Zhenfei},
  title     = {Falcon: Fast-Fourier Lattice-based Compact Signatures over NTRU},
  booktitle = {Proceedings of the 2018 International Conference on the Theory and Application of Cryptology and Information Security (ASIACRYPT)},
  pages     = {123--151},
  year      = {2018},
  publisher = {Springer},
  doi       = {10.1007/978-3-030-03329-3_5},
  url       = {https://doi.org/10.1007/978-3-030-03329-3_5}
}

@article{IACR:Dilithium17,
  title={CRYSTALS--Dilithium: Digital Signatures from Module Lattices},
  author={Bos, Leo and Ducas, Léo and Kiltz, Eike and Lepoint, Tancrède and Lyubashevsky, Vadim and Schanck, Jonathan M. and Schwabe, Peter and Seiler, Gregor},
  journal={IACR Cryptol. ePrint Arch.},
  volume={2017},
  pages={633},
  year={2017},
  url={https://eprint.iacr.org/2017/633}
}

@inproceedings{ACM:Brakerski12,
  title     = {Leveled Fully Homomorphic Encryption Without Bootstrapping},
  author    = {Brakerski, Zvika},
  booktitle = {Proceedings of the 3rd Innovations in Theoretical Computer Science Conference (ITCS)},
  pages     = {309--325},
  year      = {2012},
  publisher = {ACM},
  doi       = {10.1145/2090236.2090262},
  url       = {https://doi.org/10.1145/2090236.2090262}
}

@inproceedings{IEEE:BGV11,
  title     = {Efficient Fully Homomorphic Encryption from (Standard) LWE},
  author    = {Brakerski, Zvika and Gentry, Craig and Vaikuntanathan, Vinod},
  booktitle = {Proceedings of the 52nd Annual IEEE Symposium on Foundations of Computer Science (FOCS)},
  pages     = {97--106},
  year      = {2011},
  publisher = {IEEE},
  doi       = {10.1109/FOCS.2011.12},
  url       = {https://doi.org/10.1109/FOCS.2011.12}
}

@inproceedings{ASIACRYPT:CKKS17,
  title     = {Homomorphic Encryption for Arithmetic of Approximate Numbers},
  author    = {Cheon, Jung Hee and Kim, Andrey and Kim, Miran and Song, Yongsoo},
  booktitle = {Proceedings of the 6th International Conference on the Theory and Application of Cryptology and Information Security (ASIACRYPT)},
  pages     = {409--437},
  year      = {2017},
  publisher = {Springer},
  doi       = {10.1007/978-3-319-70694-8_15},
  url       = {https://doi.org/10.1007/978-3-319-70694-8_15}
}

@incollection{UNC:Berlekamp69,
  author    = {Elwyn R. Berlekamp},
  title     = {Negacyclic Codes for the Lee Metric},
  booktitle = {Combinatorial Mathematics and Its Applications},
  editor    = {R. C. Bose and T. A. Dowling},
  series    = {UNC Monograph Series in Probability and Statistics},
  number    = {4},
  publisher = {University of North Carolina Press},
  address   = {Chapel Hill, NC},
  year      = {1969},
  pages     = {298--316}
}

@article{AMC:DouSah22,
  author  = {Steven T. Dougherty and Serap Şahinkaya},
  title   = {On Cyclic and Negacyclic Codes with One-Dimensional Hulls and Their Applications},
  journal = {Advances in Mathematics of Communications},
  volume  = {16},
  number  = {4},
  pages   = {765--780},
  year    = {2022},
  doi     = {10.3934/amc.2022096},
  url     = {https://doi.org/10.3934/amc.2022096}
}

math
@article{IRISHMATH:Gary01,
  title={An approach to Hensel’s lemma},
  author={McGuire, Gary},
  journal={Irish Math Soc. Bulletin},
  volume={47},
  pages={15--21},
  year={2001}
}

@article{ARXIV:Rosowski21,
  title={On fast computation of a circulant matrix-vector product},
  author={Rosowski, Andreas},
  journal={arXiv preprint arXiv:2103.02605},
  year={2021}
}

@article{JRSS:Good58,
  title={The interaction algorithm and practical Fourier analysis},
  author={Good, Irving John},
  journal={Journal of the Royal Statistical Society Series B: Statistical Methodology},
  volume={20},
  number={2},
  pages={361--372},
  year={1958},
  publisher={Oxford University Press}
}

@article{ADC:Thomas63,
  title={Using a computer to solve problems in physics},
  author={Thomas, Llewellyn H},
  journal={Applications of digital computers},
  pages={44--45},
  year={1963},
  publisher={Ginn Boston, MA, USA}
}

@book{BOOK:Macdonald74,
  title={Finite rings with identity},
  author={McDonald, Bernard R},
  year={1974},
  publisher={Marcel Dekker}
}

@book{BOOK:GilFla12,
  title={Finite commutative rings and their applications},
  author={Bini, Gilberto and Flamini, Flaminio},
  volume={680},
  year={2012},
  publisher={Springer Science \& Business Media}
}

@article{IEEE:Cooley67,
  title={Historical notes on the fast Fourier transform},
  author={Cooley, James W and Lewis, Peter AW and Welch, Peter D},
  journal={Proceedings of the IEEE},
  volume={55},
  number={10},
  pages={1675--1677},
  year={1967},
  publisher={IEEE}
}

@article{JSC:Shoup95,
  title={A new polynomial factorization algorithm and its implementation},
  author={Shoup, Victor},
  journal={Journal of Symbolic Computation},
  volume={20},
  number={4},
  pages={363--397},
  year={1995},
  publisher={Elsevier}
}

@article{IEEE:Bluestein70,
  title={A linear filtering approach to the computation of discrete Fourier transform},
  author={Bluestein, Leo},
  journal={IEEE Transactions on Audio and Electroacoustics},
  volume={18},
  number={4},
  pages={451--455},
  year={1970},
  publisher={IEEE}
}

@article{EL:Duhamel84,
  title={‘Split radix’FFT algorithm},
  author={Duhamel, Pierre and Hollmann, Henk},
  journal={Electronics letters},
  volume={20},
  number={1},
  pages={14--16},
  year={1984},
  publisher={IET}
}

@article{IEEE:AgrCoo77,
  title={New algorithms for digital convolution},
  author={Agarwal, R and Cooley, J},
  journal={IEEE Transactions on Acoustics, Speech, and Signal Processing},
  volume={25},
  number={5},
  pages={392--410},
  year={1977},
  publisher={IEEE}
}

@book{BOOK:LRTMAC89,
  title={Algorithms for discrete Fourier transform and convolution},
  author={Lu, RTMAC},
  year={1989},
  publisher={Springer}
}